@MISC{wwwtetrix,
  author = {{Qt Project}, {Test Entry}},
  title = {Tetrix Example},
  note = {last accessed: 03 May 2013},
  howpublished = {\url{https://qt-project.org/doc/qt-4.8/widgets-tetrix.html}}
}